@article{shannon1948communication,
  author = {Claude E. Shannon},
  title = {A Mathematical Theory of Communication},
  journal = {Bell System Technical Journal},
  year = 1948,
  volume = {27},
  number = {3},
  pages = {379-423},
}
@article{klenow1997economic,
  title={Economic growth: A review essay},
  author={Klenow, Peter J and Rodriguez-Clare, Andres},
  journal={Journal of monetary economics},
  volume={40},
  number={3},
  pages={597--617},
  year={1997},
  publisher={Elsevier}
}
@article{zheng2020ai,
  title={The ai economist: Improving equality and productivity with ai-driven tax policies},
  author={Zheng, Stephan and Trott, Alexander and Srinivasa, Sunil and Naik, Nikhil and Gruesbeck, Melvin and Parkes, David C and Socher, Richard},
  journal={arXiv preprint arXiv:2004.13332},
  year={2020}
}
@article{moral2012determinants,
  title={Determinants of economic growth: a Bayesian panel data approach},
  author={Moral-Benito, Enrique},
  journal={Review of Economics and Statistics},
  volume={94},
  number={2},
  pages={566--579},
  year={2012},
  publisher={MIT Press}
}
